% This file was created with JabRef 2.11.
% Encoding: UTF8


@Inproceedings{FOURNEY1971-17-38,
  Title                    = {Advances in holographic photoelasticity},
  Address                  = {Los Angeles, California, USA},
  Author                   = {M E FOURNEY},
  Booktitle                = {Symposium on Applications of Holography in Mechanics},
  Date                     = {1971},
  Pages                    = {17-38},
  Publisher                = {ASME}
}

@Book{Mittelbach2004--,
  Title                    = {The LaTeX Companion},
  Address                  = {Boston,American},
  Author                   = {Frank Mittelbach and Michel Goossens and Johannes Braams and David Carlisle and Chris Rowley},
  Date                     = {2004},
  Edition                  = {Second Edition},
  Pages                    = {20-25},
  Publisher                = {Addison-Wesley}
}

@Inbook{MARTIN1996-85-96,
  Title                    = {Control of electronic resources in Australia},
  Author                   = {G MARTIN},
  Booktitle                = {Electronic resources : selection and bibliographic control},
  Date                     = {1996},
  Pages                    = {85-96},
  Publisher                = {The Haworth Press},
  Editor                   = {L W PATTLE and B J COX},
  Location                 = {New York}
}

@Report{Eggrers--,
  Title                    = {One-dimensional flows of an imperfect diatomic gas},
  Address                  = {Virginia, USA},
  Author                   = {Eggrers, A. J.},
  Date                     = {1959},
  Institution              = {Langley research center},
  Number                   = {959},
  Type                     = {NACA report}
}

@Thesis{CALMS1965--,
  Title                    = {Infrared spectroscopic studies on solid oxygen},
  Author                   = {R B CALMS},
  Date                     = {1965},
  Institution              = {Univ. of California},
  Pages                    = {15-20},
  Type                     = {phdthesis},
  Location                 = {Berkeley}
}

@Patent{TACHIBANA2002--,
  Title                    = {Electronic watermarking method and system},
  Author                   = {R TACHIBANA and S SHIMIZU and S KOBAYSHI and others},
  Date                     = {2002-04-25},
  Number                   = {U.S. Patent 6915001 B2},
  Url                      = {http://patftuspto.gov/netacgi/nph-Parser?Seetl=PTO2&Sect2=HITOFF&=1&u=/netahhml/search-bool.html&r=1&f=G&1=50&col=AND&d=ptxt&sl=`Electronic+watermarking+method+system'.TTL.&OS=TTL/},
  Urldate                  = {2002-05-28}
}

@Standard{ISO1982--,
  Title                    = {ISO 4948-1:1982. Steels classification-Part 1:steels based on chemical composition},
  Author                   = {ISO},
  Date                     = {1982},
  Address                  = {Geneva},
  Note                     = {standard},
  Publisher                = {International organization for standardization}
}

@Online{HOPKINSON--,
  Title                    = {UNIMARC and metadata: Dublin Core},
  Author                   = {A HOPKINSON},
  Url                      = {http://www.rfla.org/IV/rfla64/13801613.htm},
  Urldate                  = {1999-02-08}
}

@Article{Miller1984-435-454,
  Title                    = {stackelberg games on a network with C-N competitors},
  Author                   = {Miller, T. C. and Tobin, R. L. and Freisz, T. L.},
  Date                     = {1991},
  Journal                  = {Journal of regional science},
  Number                   = {4},
  Pages                    = {435-454},
  Volume                   = {31},
  Doi                      = {infoofdoi},
  Year                     = {1984}
}

@Article{McEliece1984-44-53,
  Title                    = {Channels with block interference},
  Author                   = {McEliece, R. J. and Stark, W. E.},
  Journal                  = {IEEE Trans. Inf. Theory},
  Number                   = {1},
  Pages                    = {44-53},
  Volume                   = {30},
  Doi                      = {infoofdoi},
  Year                     = {1984}
}

@Inproceedings{Hino1993-173-193,
  Title                    = {A finite-vomlume method with unstructed grid for free surface flow simulations},
  Address                  = {Iowa City, USA},
  Author                   = {Hino, T. and Martinelli, L. and Jameson, A.},
  Booktitle                = {proceedings of the 6th international symposium on numerical ship hydrodynamics},
  Date                     = {1993},
  Pages                    = {173-193}
}

@Book{Harker1987-20-25,
  Title                    = {predicting intercity freight flows},
  Address                  = {Utrecht, the Netherlands},
  Author                   = {Harker, P. T.},
  Date                     = {1987},
  Pages                    = {20-25},
  Publisher                = {VNU science Press}
}

@Inbook{Prigogine1976-93-134,
  Title                    = {Order through fluctuation:self-organization and social system},
  Address                  = {London},
  Author                   = {Prigogine, I.},
  Booktitle                = {Evolution and consciousness},
  Date                     = {1976},
  Pages                    = {93-134},
  Publisher                = {Addison-Wesley},
  Editor                   = {Jantash, E. AND Waddington, C}
}

@Report{Cone1963--,
  Title                    = {The aerodynamic design of wings},
  Address                  = {Virginia, USA},
  Author                   = {Cone, C. D.},
  Date                     = {1963},
  Institution              = {Langley research center},
  Type                     = {NASA technical reprot No. TR R-152}
}

@Thesis{Hsin1990-15-20,
  Title                    = {Development and analysis of panel mmethod for propellers in unsteady flow},
  Address                  = {Cambridge},
  Author                   = {Hsin, C.},
  Date                     = {1990},
  Institution              = {Massachusetts institutes of technology},
  Pages                    = {15-20},
  Type                     = {phdthesis}
}

@Patent{Carter2011--,
  Title                    = {Induced surface flow wave energy converter},
  Author                   = {Carter, R. W. AND Eretkin, R. C.},
  Date                     = {2011},
  Number                   = {U.S. Patent 8084873 B2}
}

@Online{USL2001--,
  Title                    = {Citing Electronic source of information},
  Author                   = {{University of Sheffield Library}},
  Date                     = {2001},
  Organization             = {University of Sheffield},
  Url                      = {http://www.rfla.org/IV/rfla64/13801613.htm},
  Urldate                  = {2007-02-23}
}

@Article{Miller1984-435-454a,
  Title                    = {stackelberg games on a network with CN network competitors},
  Author                   = {Miller, T. C. and Tobin, R. L. and Freisz, T. L.},
  Date                     = {1991},
  Journal                  = {Journal of regional science},
  Number                   = {4},
  Pages                    = {435-454},
  Volume                   = {31},
  Doi                      = {infoofdoi},
  Year                     = {1984}
}

@comment{jabref-entrytype: Online: req[author;title;date;url;urldate;organization] opt[doi]}

@comment{jabref-entrytype: Report: req[author;title;type;number;address;institution;date;pages] opt[url;urldate;doi;subtitle]}

@comment{jabref-entrytype: Thesis: req[author;title;type;address;institution;date;pages] opt[url;urldate;doi]}

