%% LaTeX2e file `egfontgreak.bib'
%% generated by the `filecontents' environment
%% from source `egfontgreak' on 2018/07/15.
%%
@ARTICLE{aritileeg,
  AUTHOR = {Zhang, Qi},
  DATE = {2007},
  JOURNALTITLE = {An periodical αβγδεζηθικλμνξοπρστυφχψω},
  PAGES = {82--92},
  TITLE = {An article for test αβγδεζηθικλμνξοπρστυφχψω},
  VOLUME = {12},
  NUMBER ={2},
}
