%% LaTeX2e file `egtestshortb.bib'
%% generated by the `filecontents' environment
%% from source `egtestshortb' on 2018/10/23.
%%
@book{talbert:1992,
  author = {Talbert, Charles H.},
  title = {Reading John: A Literary and Theological Commentary on the Fourth Gospel and the Johannine Epistles},
  location = {New York},
  publisher = {Crossroad},
  date = {1992}
}
@book{hofius:1989,
  author = {Hofius, Otfried},
  title = {Paulusstudien},
  series = {Wissenschaftliche Untersuchungen zum Neuen Testament},
  shortseries = {WUNT},
  number = {51},
  location = {T\"{u}bingen},
  publisher = {Mohr Siebeck},
  date = {1989}
}
@mvbook{TDNT,
  editor = {Kittel, Gerhard and Friedrich, Gerhard},
  title = {Theological Dictionary of the New Testament},
  shorthand = {\emph{TDNT}},
  translator = {Bromiley, Geoffrey W.},
  volumes = {10},
  location = {Grand Rapids},
  publisher = {Eerdmans},
  date = {1964/1976}
}
