%% LaTeX2e file `egtestshorta.bib'
%% generated by the `filecontents' environment
%% from source `egtestshorta' on 2018/07/15.
%%
@ARTICLE{test1,
    AUTHOR = {John Smith},
    TITLE = {A Tremendously Interesting Opinion},
    SHORTHAND = {JSTIP},
    SHORTTITLE = {TIP},
    JOURNALTITLE = {Journal of Tremendously Interesting Opinions},
    SHORTJOURNAL = {JTIO},
    VOLUME = {1},
    NUMBER = {1},
    YEAR = {1947}
}
@ARTICLE{test2,
    AUTHOR = {John Tumble},
    TITLE = {A Tremendously Interesting Idea},
    SHORTHAND = {JSTII},
    SHORTTITLE = {TII},
    JOURNALTITLE = {Journal of Tremendously Interesting Ideas},
    SHORTJOURNAL = {JTII},
    VOLUME = {1},
    NUMBER = {1},
    YEAR = {1946}
}
