%% LaTeX2e file `egtestshort.bib'
%% generated by the `filecontents' environment
%% from source `egtestshort' on 2018/10/23.
%%
@Inproceedings{refa,
  Title                    = {Interference cartography for hierarchical dynamic spectrum access},
  Address                  = {Chicago, IL},
  Author                   = {AlayaFeki, A. and B. Sayrac and S. Ben Jemaa and E. Moulines},
  editor={Name, B and Dome, C},
  Booktitle                = {Proc. IEEE Symp. on New Frontiers in Dynamic Spectrum Access Networks},
  shortbooktitle ={DySPAN},
  Date                     = {2008-10},
  Pages                    = {1-5}
}

@Inproceedings{refb,
  Title                    = {Interference cartography for hierarchical dynamic spectrum access},
  Address                  = {Chicago, IL},
  editor={Name, B and Dome, C},
  Author                   = {BlayaFeki, A. and B. Sayrac and S. Ben Jemaa and E. Moulines},
  Booktitle                = {Proc. IEEE Symp. on New Frontiers in Dynamic Spectrum Access Networks},
  shortbooktitle ={DySPAN},
  Date                     = {2008-10},
  Pages                    = {1-5}
}

@Inproceedings{FOURNEY1971-17-38,
  Title                    = {Advances in holographic photoelasticity},
  Author                   = {M E FOURNEY},
  Booktitle                = {Symposium on Applications of Holography in Mechanics},
  shortbooktitle ={AHM},
  Date                     = {1971},
  Pages                    = {17-38},
  Publisher                = {ASME},
  Location                 = {New York}
}

@Inproceedings{裴丽生1981-2-10,
  Title                    = {在中国科协技术期刊编辑工作经验交流会上的讲话},
  Author                   = {裴丽生},
  Booktitle                = {中国科协学术期刊编辑工作经验交流会资料选},
  shortbooktitle ={科协学术},
  Date                     = {1981},
  Pages                    = {2-10},
  Institution              = {中国科学技术协会学会工作部},
  Location                 = {北京}
}

@Book{Simon2001--,
  Title                    = {Spread Spectrum Communications Handbook},
  Address                  = {New York City},
  Author                   = {Simon, M. K. and Omura,J. K. and Scholtz,R. A. and Levitt,B. K.},
  Publisher                = {McGraw-Hill, Inc.},
  Year                     = {2001}
}
