%% LaTeX2e file `egtestshortc.bib'
%% generated by the `filecontents' environment
%% from source `egtestshortc' on 2018/10/31.
%%
@Article{Episkepsis1971:36,
title = {La Commission préparatoire},
journaltitle = {Episkepsis},
shortjournal = {EP},
date = {1971},
number = {36},
pages = {2},
}
@Article{Episkepsis1971:36_2,
title = {Communique de la Commission},
journaltitle = {Episkepsis},
shortjournal = {EP},
date = {1971},
number = {36},
pages = {8--9},
}
@Article{Episkepsis1972:54,
title = {La première Conférence},
journaltitle = {Episkepsis},
shortjournal = {EP},
date = {1972},
number = {54},
pages = {2--5},
}

@Collection{Episkepsis,
title = {Episkepsis},
date = {1970/},
shorthand = {EP},
keywords = {primary},
}
